<?xml version="1.0" encoding="UTF-8"?><record xmlns="http://www.loc.gov/MARC21/slim" xmlns:cinclude="http://apache.org/cocoon/include/1.0" xmlns:zs="http://www.loc.gov/zing/srw/">
  <leader>00495nz  a2200133n  4500</leader>
  <controlfield tag="001">n  92106478 </controlfield>
  <controlfield tag="003">DLC</controlfield>
  <controlfield tag="005">19921030092426.4</controlfield>
  <controlfield tag="008">921030n| acannaab|          |a ana |||  </controlfield>
  <datafield tag="010" ind1=" " ind2=" ">
    <subfield code="a">n  92106478 </subfield>
  </datafield>
  <datafield tag="040" ind1=" " ind2=" ">
    <subfield code="a">DLC</subfield>
    <subfield code="c">DLC</subfield>
  </datafield>
  <datafield tag="110" ind1="1" ind2="0">
    <subfield code="a">Tlaxcala (Mexico : State).</subfield>
    <subfield code="t">Código penal (1979)</subfield>
  </datafield>
  <datafield tag="410" ind1="1" ind2="0">
    <subfield code="a">Tlaxcala (Mexico : State).</subfield>
    <subfield code="t">Códigos penal y de procedimientos penales para el E.L. y S. de Tlaxcala</subfield>
  </datafield>
  <datafield tag="670" ind1=" " ind2=" ">
    <subfield code="a">Its Códigos penal y de procedimientos penales para el E.L. y S. de Tlaxcala, 1985, c1982.</subfield>
  </datafield>
</record>